%YAML 1.1
%TAG !u! tag:unity3d.com,2011:
--- !u!1 &2954977202435379475
GameObject:
  m_ObjectHideFlags: 0
  m_CorrespondingSourceObject: {fileID: 0}
  m_PrefabInstance: {fileID: 0}
  m_PrefabAsset: {fileID: 0}
  serializedVersion: 6
  m_Component:
  - component: {fileID: 2954977202435379472}
  m_Layer: 0
  m_Name: EnemySpawnPoints 1
  m_TagString: Untagged
  m_Icon: {fileID: 0}
  m_NavMeshLayer: 0
  m_StaticEditorFlags: 0
  m_IsActive: 1
--- !u!4 &2954977202435379472
Transform:
  m_ObjectHideFlags: 0
  m_CorrespondingSourceObject: {fileID: 0}
  m_PrefabInstance: {fileID: 0}
  m_PrefabAsset: {fileID: 0}
  m_GameObject: {fileID: 2954977202435379475}
  m_LocalRotation: {x: 0, y: 0, z: 0, w: 1}
  m_LocalPosition: {x: 0, y: 0, z: 0}
  m_LocalScale: {x: 1, y: 1, z: 1}
  m_Children:
  - {fileID: 2954977204370180482}
  - {fileID: 2813275586927007090}
  - {fileID: 2813275588082131064}
  - {fileID: 2813275588138759457}
  - {fileID: 2813275587297590179}
  - {fileID: 2813275586983767774}
  - {fileID: 2813275587904293781}
  - {fileID: 2813275587256959068}
  m_Father: {fileID: 0}
  m_RootOrder: 0
  m_LocalEulerAnglesHint: {x: 0, y: 0, z: 0}
--- !u!1001 &2813275587634769907
PrefabInstance:
  m_ObjectHideFlags: 0
  serializedVersion: 2
  m_Modification:
    m_TransformParent: {fileID: 2954977202435379472}
    m_Modifications:
    - target: {fileID: 1011325442120164990, guid: 2b0378effedcbe9429aaefbc502c2e91,
        type: 3}
      propertyPath: m_Name
      value: EnemySpawnPoint
      objectReference: {fileID: 0}
    - target: {fileID: 1011325442120164977, guid: 2b0378effedcbe9429aaefbc502c2e91,
        type: 3}
      propertyPath: m_LocalPosition.x
      value: -7.03
      objectReference: {fileID: 0}
    - target: {fileID: 1011325442120164977, guid: 2b0378effedcbe9429aaefbc502c2e91,
        type: 3}
      propertyPath: m_LocalPosition.y
      value: 29.61
      objectReference: {fileID: 0}
    - target: {fileID: 1011325442120164977, guid: 2b0378effedcbe9429aaefbc502c2e91,
        type: 3}
      propertyPath: m_LocalPosition.z
      value: 0
      objectReference: {fileID: 0}
    - target: {fileID: 1011325442120164977, guid: 2b0378effedcbe9429aaefbc502c2e91,
        type: 3}
      propertyPath: m_LocalRotation.x
      value: -0
      objectReference: {fileID: 0}
    - target: {fileID: 1011325442120164977, guid: 2b0378effedcbe9429aaefbc502c2e91,
        type: 3}
      propertyPath: m_LocalRotation.y
      value: -0
      objectReference: {fileID: 0}
    - target: {fileID: 1011325442120164977, guid: 2b0378effedcbe9429aaefbc502c2e91,
        type: 3}
      propertyPath: m_LocalRotation.z
      value: -0
      objectReference: {fileID: 0}
    - target: {fileID: 1011325442120164977, guid: 2b0378effedcbe9429aaefbc502c2e91,
        type: 3}
      propertyPath: m_LocalRotation.w
      value: 1
      objectReference: {fileID: 0}
    - target: {fileID: 1011325442120164977, guid: 2b0378effedcbe9429aaefbc502c2e91,
        type: 3}
      propertyPath: m_RootOrder
      value: 0
      objectReference: {fileID: 0}
    - target: {fileID: 1011325442120164977, guid: 2b0378effedcbe9429aaefbc502c2e91,
        type: 3}
      propertyPath: m_LocalEulerAnglesHint.x
      value: 0
      objectReference: {fileID: 0}
    - target: {fileID: 1011325442120164977, guid: 2b0378effedcbe9429aaefbc502c2e91,
        type: 3}
      propertyPath: m_LocalEulerAnglesHint.y
      value: 0
      objectReference: {fileID: 0}
    - target: {fileID: 1011325442120164977, guid: 2b0378effedcbe9429aaefbc502c2e91,
        type: 3}
      propertyPath: m_LocalEulerAnglesHint.z
      value: 0
      objectReference: {fileID: 0}
    - target: {fileID: 8118387257675664873, guid: 2b0378effedcbe9429aaefbc502c2e91,
        type: 3}
      propertyPath: linkedPortal
      value: 
      objectReference: {fileID: 0}
    m_RemovedComponents: []
  m_SourcePrefab: {fileID: 100100000, guid: 2b0378effedcbe9429aaefbc502c2e91, type: 3}
--- !u!4 &2954977204370180482 stripped
Transform:
  m_CorrespondingSourceObject: {fileID: 1011325442120164977, guid: 2b0378effedcbe9429aaefbc502c2e91,
    type: 3}
  m_PrefabInstance: {fileID: 2813275587634769907}
  m_PrefabAsset: {fileID: 0}
--- !u!1001 &2954977202593280771
PrefabInstance:
  m_ObjectHideFlags: 0
  serializedVersion: 2
  m_Modification:
    m_TransformParent: {fileID: 2954977202435379472}
    m_Modifications:
    - target: {fileID: 1011325442120164990, guid: 2b0378effedcbe9429aaefbc502c2e91,
        type: 3}
      propertyPath: m_Name
      value: EnemySpawnPoint (1)
      objectReference: {fileID: 0}
    - target: {fileID: 1011325442120164977, guid: 2b0378effedcbe9429aaefbc502c2e91,
        type: 3}
      propertyPath: m_LocalPosition.x
      value: 49.15
      objectReference: {fileID: 0}
    - target: {fileID: 1011325442120164977, guid: 2b0378effedcbe9429aaefbc502c2e91,
        type: 3}
      propertyPath: m_LocalPosition.y
      value: 26.05
      objectReference: {fileID: 0}
    - target: {fileID: 1011325442120164977, guid: 2b0378effedcbe9429aaefbc502c2e91,
        type: 3}
      propertyPath: m_LocalPosition.z
      value: 0
      objectReference: {fileID: 0}
    - target: {fileID: 1011325442120164977, guid: 2b0378effedcbe9429aaefbc502c2e91,
        type: 3}
      propertyPath: m_LocalRotation.x
      value: -0
      objectReference: {fileID: 0}
    - target: {fileID: 1011325442120164977, guid: 2b0378effedcbe9429aaefbc502c2e91,
        type: 3}
      propertyPath: m_LocalRotation.y
      value: -0
      objectReference: {fileID: 0}
    - target: {fileID: 1011325442120164977, guid: 2b0378effedcbe9429aaefbc502c2e91,
        type: 3}
      propertyPath: m_LocalRotation.z
      value: -0
      objectReference: {fileID: 0}
    - target: {fileID: 1011325442120164977, guid: 2b0378effedcbe9429aaefbc502c2e91,
        type: 3}
      propertyPath: m_LocalRotation.w
      value: 1
      objectReference: {fileID: 0}
    - target: {fileID: 1011325442120164977, guid: 2b0378effedcbe9429aaefbc502c2e91,
        type: 3}
      propertyPath: m_RootOrder
      value: 1
      objectReference: {fileID: 0}
    - target: {fileID: 1011325442120164977, guid: 2b0378effedcbe9429aaefbc502c2e91,
        type: 3}
      propertyPath: m_LocalEulerAnglesHint.x
      value: 0
      objectReference: {fileID: 0}
    - target: {fileID: 1011325442120164977, guid: 2b0378effedcbe9429aaefbc502c2e91,
        type: 3}
      propertyPath: m_LocalEulerAnglesHint.y
      value: 0
      objectReference: {fileID: 0}
    - target: {fileID: 1011325442120164977, guid: 2b0378effedcbe9429aaefbc502c2e91,
        type: 3}
      propertyPath: m_LocalEulerAnglesHint.z
      value: 0
      objectReference: {fileID: 0}
    - target: {fileID: 8118387257675664873, guid: 2b0378effedcbe9429aaefbc502c2e91,
        type: 3}
      propertyPath: linkedPortal
      value: 
      objectReference: {fileID: 0}
    m_RemovedComponents: []
  m_SourcePrefab: {fileID: 100100000, guid: 2b0378effedcbe9429aaefbc502c2e91, type: 3}
--- !u!4 &2813275586927007090 stripped
Transform:
  m_CorrespondingSourceObject: {fileID: 1011325442120164977, guid: 2b0378effedcbe9429aaefbc502c2e91,
    type: 3}
  m_PrefabInstance: {fileID: 2954977202593280771}
  m_PrefabAsset: {fileID: 0}
--- !u!1001 &2954977202603624623
PrefabInstance:
  m_ObjectHideFlags: 0
  serializedVersion: 2
  m_Modification:
    m_TransformParent: {fileID: 2954977202435379472}
    m_Modifications:
    - target: {fileID: 1011325442120164990, guid: 2b0378effedcbe9429aaefbc502c2e91,
        type: 3}
      propertyPath: m_Name
      value: EnemySpawnPoint (5)
      objectReference: {fileID: 0}
    - target: {fileID: 1011325442120164977, guid: 2b0378effedcbe9429aaefbc502c2e91,
        type: 3}
      propertyPath: m_LocalPosition.x
      value: -48.51
      objectReference: {fileID: 0}
    - target: {fileID: 1011325442120164977, guid: 2b0378effedcbe9429aaefbc502c2e91,
        type: 3}
      propertyPath: m_LocalPosition.y
      value: -25.83
      objectReference: {fileID: 0}
    - target: {fileID: 1011325442120164977, guid: 2b0378effedcbe9429aaefbc502c2e91,
        type: 3}
      propertyPath: m_LocalPosition.z
      value: 0
      objectReference: {fileID: 0}
    - target: {fileID: 1011325442120164977, guid: 2b0378effedcbe9429aaefbc502c2e91,
        type: 3}
      propertyPath: m_LocalRotation.x
      value: -0
      objectReference: {fileID: 0}
    - target: {fileID: 1011325442120164977, guid: 2b0378effedcbe9429aaefbc502c2e91,
        type: 3}
      propertyPath: m_LocalRotation.y
      value: -0
      objectReference: {fileID: 0}
    - target: {fileID: 1011325442120164977, guid: 2b0378effedcbe9429aaefbc502c2e91,
        type: 3}
      propertyPath: m_LocalRotation.z
      value: -0
      objectReference: {fileID: 0}
    - target: {fileID: 1011325442120164977, guid: 2b0378effedcbe9429aaefbc502c2e91,
        type: 3}
      propertyPath: m_LocalRotation.w
      value: 1
      objectReference: {fileID: 0}
    - target: {fileID: 1011325442120164977, guid: 2b0378effedcbe9429aaefbc502c2e91,
        type: 3}
      propertyPath: m_RootOrder
      value: 5
      objectReference: {fileID: 0}
    - target: {fileID: 1011325442120164977, guid: 2b0378effedcbe9429aaefbc502c2e91,
        type: 3}
      propertyPath: m_LocalEulerAnglesHint.x
      value: 0
      objectReference: {fileID: 0}
    - target: {fileID: 1011325442120164977, guid: 2b0378effedcbe9429aaefbc502c2e91,
        type: 3}
      propertyPath: m_LocalEulerAnglesHint.y
      value: 0
      objectReference: {fileID: 0}
    - target: {fileID: 1011325442120164977, guid: 2b0378effedcbe9429aaefbc502c2e91,
        type: 3}
      propertyPath: m_LocalEulerAnglesHint.z
      value: 0
      objectReference: {fileID: 0}
    - target: {fileID: 8118387257675664873, guid: 2b0378effedcbe9429aaefbc502c2e91,
        type: 3}
      propertyPath: linkedPortal
      value: 
      objectReference: {fileID: 0}
    m_RemovedComponents: []
  m_SourcePrefab: {fileID: 100100000, guid: 2b0378effedcbe9429aaefbc502c2e91, type: 3}
--- !u!4 &2813275586983767774 stripped
Transform:
  m_CorrespondingSourceObject: {fileID: 1011325442120164977, guid: 2b0378effedcbe9429aaefbc502c2e91,
    type: 3}
  m_PrefabInstance: {fileID: 2954977202603624623}
  m_PrefabAsset: {fileID: 0}
--- !u!1001 &2954977203562180068
PrefabInstance:
  m_ObjectHideFlags: 0
  serializedVersion: 2
  m_Modification:
    m_TransformParent: {fileID: 2954977202435379472}
    m_Modifications:
    - target: {fileID: 1011325442120164990, guid: 2b0378effedcbe9429aaefbc502c2e91,
        type: 3}
      propertyPath: m_Name
      value: EnemySpawnPoint (6)
      objectReference: {fileID: 0}
    - target: {fileID: 1011325442120164977, guid: 2b0378effedcbe9429aaefbc502c2e91,
        type: 3}
      propertyPath: m_LocalPosition.x
      value: -48.22
      objectReference: {fileID: 0}
    - target: {fileID: 1011325442120164977, guid: 2b0378effedcbe9429aaefbc502c2e91,
        type: 3}
      propertyPath: m_LocalPosition.y
      value: 0.84
      objectReference: {fileID: 0}
    - target: {fileID: 1011325442120164977, guid: 2b0378effedcbe9429aaefbc502c2e91,
        type: 3}
      propertyPath: m_LocalPosition.z
      value: 0
      objectReference: {fileID: 0}
    - target: {fileID: 1011325442120164977, guid: 2b0378effedcbe9429aaefbc502c2e91,
        type: 3}
      propertyPath: m_LocalRotation.x
      value: -0
      objectReference: {fileID: 0}
    - target: {fileID: 1011325442120164977, guid: 2b0378effedcbe9429aaefbc502c2e91,
        type: 3}
      propertyPath: m_LocalRotation.y
      value: -0
      objectReference: {fileID: 0}
    - target: {fileID: 1011325442120164977, guid: 2b0378effedcbe9429aaefbc502c2e91,
        type: 3}
      propertyPath: m_LocalRotation.z
      value: -0
      objectReference: {fileID: 0}
    - target: {fileID: 1011325442120164977, guid: 2b0378effedcbe9429aaefbc502c2e91,
        type: 3}
      propertyPath: m_LocalRotation.w
      value: 1
      objectReference: {fileID: 0}
    - target: {fileID: 1011325442120164977, guid: 2b0378effedcbe9429aaefbc502c2e91,
        type: 3}
      propertyPath: m_RootOrder
      value: 6
      objectReference: {fileID: 0}
    - target: {fileID: 1011325442120164977, guid: 2b0378effedcbe9429aaefbc502c2e91,
        type: 3}
      propertyPath: m_LocalEulerAnglesHint.x
      value: 0
      objectReference: {fileID: 0}
    - target: {fileID: 1011325442120164977, guid: 2b0378effedcbe9429aaefbc502c2e91,
        type: 3}
      propertyPath: m_LocalEulerAnglesHint.y
      value: 0
      objectReference: {fileID: 0}
    - target: {fileID: 1011325442120164977, guid: 2b0378effedcbe9429aaefbc502c2e91,
        type: 3}
      propertyPath: m_LocalEulerAnglesHint.z
      value: 0
      objectReference: {fileID: 0}
    - target: {fileID: 8118387257675664873, guid: 2b0378effedcbe9429aaefbc502c2e91,
        type: 3}
      propertyPath: linkedPortal
      value: 
      objectReference: {fileID: 0}
    m_RemovedComponents: []
  m_SourcePrefab: {fileID: 100100000, guid: 2b0378effedcbe9429aaefbc502c2e91, type: 3}
--- !u!4 &2813275587904293781 stripped
Transform:
  m_CorrespondingSourceObject: {fileID: 1011325442120164977, guid: 2b0378effedcbe9429aaefbc502c2e91,
    type: 3}
  m_PrefabInstance: {fileID: 2954977203562180068}
  m_PrefabAsset: {fileID: 0}
--- !u!1001 &2954977203718899209
PrefabInstance:
  m_ObjectHideFlags: 0
  serializedVersion: 2
  m_Modification:
    m_TransformParent: {fileID: 2954977202435379472}
    m_Modifications:
    - target: {fileID: 1011325442120164990, guid: 2b0378effedcbe9429aaefbc502c2e91,
        type: 3}
      propertyPath: m_Name
      value: EnemySpawnPoint (2)
      objectReference: {fileID: 0}
    - target: {fileID: 1011325442120164977, guid: 2b0378effedcbe9429aaefbc502c2e91,
        type: 3}
      propertyPath: m_LocalPosition.x
      value: 49.34
      objectReference: {fileID: 0}
    - target: {fileID: 1011325442120164977, guid: 2b0378effedcbe9429aaefbc502c2e91,
        type: 3}
      propertyPath: m_LocalPosition.y
      value: 0.55
      objectReference: {fileID: 0}
    - target: {fileID: 1011325442120164977, guid: 2b0378effedcbe9429aaefbc502c2e91,
        type: 3}
      propertyPath: m_LocalPosition.z
      value: 0
      objectReference: {fileID: 0}
    - target: {fileID: 1011325442120164977, guid: 2b0378effedcbe9429aaefbc502c2e91,
        type: 3}
      propertyPath: m_LocalRotation.x
      value: -0
      objectReference: {fileID: 0}
    - target: {fileID: 1011325442120164977, guid: 2b0378effedcbe9429aaefbc502c2e91,
        type: 3}
      propertyPath: m_LocalRotation.y
      value: -0
      objectReference: {fileID: 0}
    - target: {fileID: 1011325442120164977, guid: 2b0378effedcbe9429aaefbc502c2e91,
        type: 3}
      propertyPath: m_LocalRotation.z
      value: -0
      objectReference: {fileID: 0}
    - target: {fileID: 1011325442120164977, guid: 2b0378effedcbe9429aaefbc502c2e91,
        type: 3}
      propertyPath: m_LocalRotation.w
      value: 1
      objectReference: {fileID: 0}
    - target: {fileID: 1011325442120164977, guid: 2b0378effedcbe9429aaefbc502c2e91,
        type: 3}
      propertyPath: m_RootOrder
      value: 2
      objectReference: {fileID: 0}
    - target: {fileID: 1011325442120164977, guid: 2b0378effedcbe9429aaefbc502c2e91,
        type: 3}
      propertyPath: m_LocalEulerAnglesHint.x
      value: 0
      objectReference: {fileID: 0}
    - target: {fileID: 1011325442120164977, guid: 2b0378effedcbe9429aaefbc502c2e91,
        type: 3}
      propertyPath: m_LocalEulerAnglesHint.y
      value: 0
      objectReference: {fileID: 0}
    - target: {fileID: 1011325442120164977, guid: 2b0378effedcbe9429aaefbc502c2e91,
        type: 3}
      propertyPath: m_LocalEulerAnglesHint.z
      value: 0
      objectReference: {fileID: 0}
    - target: {fileID: 8118387257675664873, guid: 2b0378effedcbe9429aaefbc502c2e91,
        type: 3}
      propertyPath: linkedPortal
      value: 
      objectReference: {fileID: 0}
    m_RemovedComponents: []
  m_SourcePrefab: {fileID: 100100000, guid: 2b0378effedcbe9429aaefbc502c2e91, type: 3}
--- !u!4 &2813275588082131064 stripped
Transform:
  m_CorrespondingSourceObject: {fileID: 1011325442120164977, guid: 2b0378effedcbe9429aaefbc502c2e91,
    type: 3}
  m_PrefabInstance: {fileID: 2954977203718899209}
  m_PrefabAsset: {fileID: 0}
--- !u!1001 &2954977203796497232
PrefabInstance:
  m_ObjectHideFlags: 0
  serializedVersion: 2
  m_Modification:
    m_TransformParent: {fileID: 2954977202435379472}
    m_Modifications:
    - target: {fileID: 1011325442120164990, guid: 2b0378effedcbe9429aaefbc502c2e91,
        type: 3}
      propertyPath: m_Name
      value: EnemySpawnPoint (3)
      objectReference: {fileID: 0}
    - target: {fileID: 1011325442120164977, guid: 2b0378effedcbe9429aaefbc502c2e91,
        type: 3}
      propertyPath: m_LocalPosition.x
      value: 45.85
      objectReference: {fileID: 0}
    - target: {fileID: 1011325442120164977, guid: 2b0378effedcbe9429aaefbc502c2e91,
        type: 3}
      propertyPath: m_LocalPosition.y
      value: -22.34
      objectReference: {fileID: 0}
    - target: {fileID: 1011325442120164977, guid: 2b0378effedcbe9429aaefbc502c2e91,
        type: 3}
      propertyPath: m_LocalPosition.z
      value: 0
      objectReference: {fileID: 0}
    - target: {fileID: 1011325442120164977, guid: 2b0378effedcbe9429aaefbc502c2e91,
        type: 3}
      propertyPath: m_LocalRotation.x
      value: -0
      objectReference: {fileID: 0}
    - target: {fileID: 1011325442120164977, guid: 2b0378effedcbe9429aaefbc502c2e91,
        type: 3}
      propertyPath: m_LocalRotation.y
      value: -0
      objectReference: {fileID: 0}
    - target: {fileID: 1011325442120164977, guid: 2b0378effedcbe9429aaefbc502c2e91,
        type: 3}
      propertyPath: m_LocalRotation.z
      value: -0
      objectReference: {fileID: 0}
    - target: {fileID: 1011325442120164977, guid: 2b0378effedcbe9429aaefbc502c2e91,
        type: 3}
      propertyPath: m_LocalRotation.w
      value: 1
      objectReference: {fileID: 0}
    - target: {fileID: 1011325442120164977, guid: 2b0378effedcbe9429aaefbc502c2e91,
        type: 3}
      propertyPath: m_RootOrder
      value: 3
      objectReference: {fileID: 0}
    - target: {fileID: 1011325442120164977, guid: 2b0378effedcbe9429aaefbc502c2e91,
        type: 3}
      propertyPath: m_LocalEulerAnglesHint.x
      value: 0
      objectReference: {fileID: 0}
    - target: {fileID: 1011325442120164977, guid: 2b0378effedcbe9429aaefbc502c2e91,
        type: 3}
      propertyPath: m_LocalEulerAnglesHint.y
      value: 0
      objectReference: {fileID: 0}
    - target: {fileID: 1011325442120164977, guid: 2b0378effedcbe9429aaefbc502c2e91,
        type: 3}
      propertyPath: m_LocalEulerAnglesHint.z
      value: 0
      objectReference: {fileID: 0}
    - target: {fileID: 8118387257675664873, guid: 2b0378effedcbe9429aaefbc502c2e91,
        type: 3}
      propertyPath: linkedPortal
      value: 
      objectReference: {fileID: 0}
    m_RemovedComponents: []
  m_SourcePrefab: {fileID: 100100000, guid: 2b0378effedcbe9429aaefbc502c2e91, type: 3}
--- !u!4 &2813275588138759457 stripped
Transform:
  m_CorrespondingSourceObject: {fileID: 1011325442120164977, guid: 2b0378effedcbe9429aaefbc502c2e91,
    type: 3}
  m_PrefabInstance: {fileID: 2954977203796497232}
  m_PrefabAsset: {fileID: 0}
--- !u!1001 &2954977203942188589
PrefabInstance:
  m_ObjectHideFlags: 0
  serializedVersion: 2
  m_Modification:
    m_TransformParent: {fileID: 2954977202435379472}
    m_Modifications:
    - target: {fileID: 1011325442120164990, guid: 2b0378effedcbe9429aaefbc502c2e91,
        type: 3}
      propertyPath: m_Name
      value: EnemySpawnPoint (7)
      objectReference: {fileID: 0}
    - target: {fileID: 1011325442120164977, guid: 2b0378effedcbe9429aaefbc502c2e91,
        type: 3}
      propertyPath: m_LocalPosition.x
      value: -49.38
      objectReference: {fileID: 0}
    - target: {fileID: 1011325442120164977, guid: 2b0378effedcbe9429aaefbc502c2e91,
        type: 3}
      propertyPath: m_LocalPosition.y
      value: 26.54
      objectReference: {fileID: 0}
    - target: {fileID: 1011325442120164977, guid: 2b0378effedcbe9429aaefbc502c2e91,
        type: 3}
      propertyPath: m_LocalPosition.z
      value: 0
      objectReference: {fileID: 0}
    - target: {fileID: 1011325442120164977, guid: 2b0378effedcbe9429aaefbc502c2e91,
        type: 3}
      propertyPath: m_LocalRotation.x
      value: -0
      objectReference: {fileID: 0}
    - target: {fileID: 1011325442120164977, guid: 2b0378effedcbe9429aaefbc502c2e91,
        type: 3}
      propertyPath: m_LocalRotation.y
      value: -0
      objectReference: {fileID: 0}
    - target: {fileID: 1011325442120164977, guid: 2b0378effedcbe9429aaefbc502c2e91,
        type: 3}
      propertyPath: m_LocalRotation.z
      value: -0
      objectReference: {fileID: 0}
    - target: {fileID: 1011325442120164977, guid: 2b0378effedcbe9429aaefbc502c2e91,
        type: 3}
      propertyPath: m_LocalRotation.w
      value: 1
      objectReference: {fileID: 0}
    - target: {fileID: 1011325442120164977, guid: 2b0378effedcbe9429aaefbc502c2e91,
        type: 3}
      propertyPath: m_RootOrder
      value: 7
      objectReference: {fileID: 0}
    - target: {fileID: 1011325442120164977, guid: 2b0378effedcbe9429aaefbc502c2e91,
        type: 3}
      propertyPath: m_LocalEulerAnglesHint.x
      value: 0
      objectReference: {fileID: 0}
    - target: {fileID: 1011325442120164977, guid: 2b0378effedcbe9429aaefbc502c2e91,
        type: 3}
      propertyPath: m_LocalEulerAnglesHint.y
      value: 0
      objectReference: {fileID: 0}
    - target: {fileID: 1011325442120164977, guid: 2b0378effedcbe9429aaefbc502c2e91,
        type: 3}
      propertyPath: m_LocalEulerAnglesHint.z
      value: 0
      objectReference: {fileID: 0}
    - target: {fileID: 8118387257675664873, guid: 2b0378effedcbe9429aaefbc502c2e91,
        type: 3}
      propertyPath: linkedPortal
      value: 
      objectReference: {fileID: 0}
    m_RemovedComponents: []
  m_SourcePrefab: {fileID: 100100000, guid: 2b0378effedcbe9429aaefbc502c2e91, type: 3}
--- !u!4 &2813275587256959068 stripped
Transform:
  m_CorrespondingSourceObject: {fileID: 1011325442120164977, guid: 2b0378effedcbe9429aaefbc502c2e91,
    type: 3}
  m_PrefabInstance: {fileID: 2954977203942188589}
  m_PrefabAsset: {fileID: 0}
--- !u!1001 &2954977204033134034
PrefabInstance:
  m_ObjectHideFlags: 0
  serializedVersion: 2
  m_Modification:
    m_TransformParent: {fileID: 2954977202435379472}
    m_Modifications:
    - target: {fileID: 1011325442120164990, guid: 2b0378effedcbe9429aaefbc502c2e91,
        type: 3}
      propertyPath: m_Name
      value: EnemySpawnPoint (4)
      objectReference: {fileID: 0}
    - target: {fileID: 1011325442120164977, guid: 2b0378effedcbe9429aaefbc502c2e91,
        type: 3}
      propertyPath: m_LocalPosition.x
      value: 0.66
      objectReference: {fileID: 0}
    - target: {fileID: 1011325442120164977, guid: 2b0378effedcbe9429aaefbc502c2e91,
        type: 3}
      propertyPath: m_LocalPosition.y
      value: -25.54
      objectReference: {fileID: 0}
    - target: {fileID: 1011325442120164977, guid: 2b0378effedcbe9429aaefbc502c2e91,
        type: 3}
      propertyPath: m_LocalPosition.z
      value: 0
      objectReference: {fileID: 0}
    - target: {fileID: 1011325442120164977, guid: 2b0378effedcbe9429aaefbc502c2e91,
        type: 3}
      propertyPath: m_LocalRotation.x
      value: -0
      objectReference: {fileID: 0}
    - target: {fileID: 1011325442120164977, guid: 2b0378effedcbe9429aaefbc502c2e91,
        type: 3}
      propertyPath: m_LocalRotation.y
      value: -0
      objectReference: {fileID: 0}
    - target: {fileID: 1011325442120164977, guid: 2b0378effedcbe9429aaefbc502c2e91,
        type: 3}
      propertyPath: m_LocalRotation.z
      value: -0
      objectReference: {fileID: 0}
    - target: {fileID: 1011325442120164977, guid: 2b0378effedcbe9429aaefbc502c2e91,
        type: 3}
      propertyPath: m_LocalRotation.w
      value: 1
      objectReference: {fileID: 0}
    - target: {fileID: 1011325442120164977, guid: 2b0378effedcbe9429aaefbc502c2e91,
        type: 3}
      propertyPath: m_RootOrder
      value: 4
      objectReference: {fileID: 0}
    - target: {fileID: 1011325442120164977, guid: 2b0378effedcbe9429aaefbc502c2e91,
        type: 3}
      propertyPath: m_LocalEulerAnglesHint.x
      value: 0
      objectReference: {fileID: 0}
    - target: {fileID: 1011325442120164977, guid: 2b0378effedcbe9429aaefbc502c2e91,
        type: 3}
      propertyPath: m_LocalEulerAnglesHint.y
      value: 0
      objectReference: {fileID: 0}
    - target: {fileID: 1011325442120164977, guid: 2b0378effedcbe9429aaefbc502c2e91,
        type: 3}
      propertyPath: m_LocalEulerAnglesHint.z
      value: 0
      objectReference: {fileID: 0}
    - target: {fileID: 8118387257675664873, guid: 2b0378effedcbe9429aaefbc502c2e91,
        type: 3}
      propertyPath: linkedPortal
      value: 
      objectReference: {fileID: 0}
    m_RemovedComponents: []
  m_SourcePrefab: {fileID: 100100000, guid: 2b0378effedcbe9429aaefbc502c2e91, type: 3}
--- !u!4 &2813275587297590179 stripped
Transform:
  m_CorrespondingSourceObject: {fileID: 1011325442120164977, guid: 2b0378effedcbe9429aaefbc502c2e91,
    type: 3}
  m_PrefabInstance: {fileID: 2954977204033134034}
  m_PrefabAsset: {fileID: 0}
