%YAML 1.1
%TAG !u! tag:unity3d.com,2011:
--- !u!1 &7410681929758204565
GameObject:
  m_ObjectHideFlags: 0
  m_CorrespondingSourceObject: {fileID: 0}
  m_PrefabInstance: {fileID: 0}
  m_PrefabAsset: {fileID: 0}
  serializedVersion: 6
  m_Component:
  - component: {fileID: 6798437604372720344}
  m_Layer: 0
  m_Name: HOMEANDHOLDER 1
  m_TagString: Untagged
  m_Icon: {fileID: 0}
  m_NavMeshLayer: 0
  m_StaticEditorFlags: 0
  m_IsActive: 1
--- !u!4 &6798437604372720344
Transform:
  m_ObjectHideFlags: 0
  m_CorrespondingSourceObject: {fileID: 0}
  m_PrefabInstance: {fileID: 0}
  m_PrefabAsset: {fileID: 0}
  m_GameObject: {fileID: 7410681929758204565}
  m_LocalRotation: {x: 0, y: 0, z: 0, w: 1}
  m_LocalPosition: {x: 0, y: 0, z: 0}
  m_LocalScale: {x: 1, y: 1, z: 1}
  m_Children:
  - {fileID: 1042532556293077544}
  - {fileID: 962553849939136200}
  - {fileID: 962553849504941393}
  - {fileID: 962553850210910200}
  - {fileID: 962553849963288733}
  - {fileID: 962553848227200803}
  - {fileID: 1042532556224145787}
  m_Father: {fileID: 0}
  m_RootOrder: 0
  m_LocalEulerAnglesHint: {x: 0, y: 0, z: 0}
--- !u!1001 &962553848824739735
PrefabInstance:
  m_ObjectHideFlags: 0
  serializedVersion: 2
  m_Modification:
    m_TransformParent: {fileID: 6798437604372720344}
    m_Modifications:
    - target: {fileID: 228694528155110849, guid: c7a8d11c7fe8c5a4082bc1a802f2465f,
        type: 3}
      propertyPath: m_Name
      value: ItemHolder
      objectReference: {fileID: 0}
    - target: {fileID: 228694528155110847, guid: c7a8d11c7fe8c5a4082bc1a802f2465f,
        type: 3}
      propertyPath: m_LocalPosition.x
      value: -1.5
      objectReference: {fileID: 0}
    - target: {fileID: 228694528155110847, guid: c7a8d11c7fe8c5a4082bc1a802f2465f,
        type: 3}
      propertyPath: m_LocalPosition.y
      value: -0.25
      objectReference: {fileID: 0}
    - target: {fileID: 228694528155110847, guid: c7a8d11c7fe8c5a4082bc1a802f2465f,
        type: 3}
      propertyPath: m_LocalPosition.z
      value: 0
      objectReference: {fileID: 0}
    - target: {fileID: 228694528155110847, guid: c7a8d11c7fe8c5a4082bc1a802f2465f,
        type: 3}
      propertyPath: m_LocalRotation.x
      value: -0
      objectReference: {fileID: 0}
    - target: {fileID: 228694528155110847, guid: c7a8d11c7fe8c5a4082bc1a802f2465f,
        type: 3}
      propertyPath: m_LocalRotation.y
      value: -0
      objectReference: {fileID: 0}
    - target: {fileID: 228694528155110847, guid: c7a8d11c7fe8c5a4082bc1a802f2465f,
        type: 3}
      propertyPath: m_LocalRotation.z
      value: -0
      objectReference: {fileID: 0}
    - target: {fileID: 228694528155110847, guid: c7a8d11c7fe8c5a4082bc1a802f2465f,
        type: 3}
      propertyPath: m_LocalRotation.w
      value: 1
      objectReference: {fileID: 0}
    - target: {fileID: 228694528155110847, guid: c7a8d11c7fe8c5a4082bc1a802f2465f,
        type: 3}
      propertyPath: m_RootOrder
      value: 0
      objectReference: {fileID: 0}
    - target: {fileID: 228694528155110847, guid: c7a8d11c7fe8c5a4082bc1a802f2465f,
        type: 3}
      propertyPath: m_LocalEulerAnglesHint.x
      value: 0
      objectReference: {fileID: 0}
    - target: {fileID: 228694528155110847, guid: c7a8d11c7fe8c5a4082bc1a802f2465f,
        type: 3}
      propertyPath: m_LocalEulerAnglesHint.y
      value: 0
      objectReference: {fileID: 0}
    - target: {fileID: 228694528155110847, guid: c7a8d11c7fe8c5a4082bc1a802f2465f,
        type: 3}
      propertyPath: m_LocalEulerAnglesHint.z
      value: 0
      objectReference: {fileID: 0}
    - target: {fileID: 228694528155110847, guid: c7a8d11c7fe8c5a4082bc1a802f2465f,
        type: 3}
      propertyPath: m_LocalScale.y
      value: 0.5
      objectReference: {fileID: 0}
    m_RemovedComponents: []
  m_SourcePrefab: {fileID: 100100000, guid: c7a8d11c7fe8c5a4082bc1a802f2465f, type: 3}
--- !u!4 &1042532556293077544 stripped
Transform:
  m_CorrespondingSourceObject: {fileID: 228694528155110847, guid: c7a8d11c7fe8c5a4082bc1a802f2465f,
    type: 3}
  m_PrefabInstance: {fileID: 962553848824739735}
  m_PrefabAsset: {fileID: 0}
--- !u!1001 &1042532556752728732
PrefabInstance:
  m_ObjectHideFlags: 0
  serializedVersion: 2
  m_Modification:
    m_TransformParent: {fileID: 6798437604372720344}
    m_Modifications:
    - target: {fileID: 228694528155110849, guid: c7a8d11c7fe8c5a4082bc1a802f2465f,
        type: 3}
      propertyPath: m_Name
      value: ItemHolder (5)
      objectReference: {fileID: 0}
    - target: {fileID: 228694528155110847, guid: c7a8d11c7fe8c5a4082bc1a802f2465f,
        type: 3}
      propertyPath: m_LocalPosition.x
      value: 1.5
      objectReference: {fileID: 0}
    - target: {fileID: 228694528155110847, guid: c7a8d11c7fe8c5a4082bc1a802f2465f,
        type: 3}
      propertyPath: m_LocalPosition.y
      value: -0.25
      objectReference: {fileID: 0}
    - target: {fileID: 228694528155110847, guid: c7a8d11c7fe8c5a4082bc1a802f2465f,
        type: 3}
      propertyPath: m_LocalPosition.z
      value: 0
      objectReference: {fileID: 0}
    - target: {fileID: 228694528155110847, guid: c7a8d11c7fe8c5a4082bc1a802f2465f,
        type: 3}
      propertyPath: m_LocalRotation.x
      value: -0
      objectReference: {fileID: 0}
    - target: {fileID: 228694528155110847, guid: c7a8d11c7fe8c5a4082bc1a802f2465f,
        type: 3}
      propertyPath: m_LocalRotation.y
      value: -0
      objectReference: {fileID: 0}
    - target: {fileID: 228694528155110847, guid: c7a8d11c7fe8c5a4082bc1a802f2465f,
        type: 3}
      propertyPath: m_LocalRotation.z
      value: -0
      objectReference: {fileID: 0}
    - target: {fileID: 228694528155110847, guid: c7a8d11c7fe8c5a4082bc1a802f2465f,
        type: 3}
      propertyPath: m_LocalRotation.w
      value: 1
      objectReference: {fileID: 0}
    - target: {fileID: 228694528155110847, guid: c7a8d11c7fe8c5a4082bc1a802f2465f,
        type: 3}
      propertyPath: m_RootOrder
      value: 5
      objectReference: {fileID: 0}
    - target: {fileID: 228694528155110847, guid: c7a8d11c7fe8c5a4082bc1a802f2465f,
        type: 3}
      propertyPath: m_LocalEulerAnglesHint.x
      value: 0
      objectReference: {fileID: 0}
    - target: {fileID: 228694528155110847, guid: c7a8d11c7fe8c5a4082bc1a802f2465f,
        type: 3}
      propertyPath: m_LocalEulerAnglesHint.y
      value: 0
      objectReference: {fileID: 0}
    - target: {fileID: 228694528155110847, guid: c7a8d11c7fe8c5a4082bc1a802f2465f,
        type: 3}
      propertyPath: m_LocalEulerAnglesHint.z
      value: 0
      objectReference: {fileID: 0}
    - target: {fileID: 228694528155110847, guid: c7a8d11c7fe8c5a4082bc1a802f2465f,
        type: 3}
      propertyPath: m_LocalScale.y
      value: 0.49
      objectReference: {fileID: 0}
    - target: {fileID: 228694528155110848, guid: c7a8d11c7fe8c5a4082bc1a802f2465f,
        type: 3}
      propertyPath: m_Color.r
      value: 0.6320754
      objectReference: {fileID: 0}
    - target: {fileID: 228694528155110848, guid: c7a8d11c7fe8c5a4082bc1a802f2465f,
        type: 3}
      propertyPath: m_Color.g
      value: 0.6320754
      objectReference: {fileID: 0}
    - target: {fileID: 228694528155110848, guid: c7a8d11c7fe8c5a4082bc1a802f2465f,
        type: 3}
      propertyPath: m_Color.b
      value: 0.6320754
      objectReference: {fileID: 0}
    m_RemovedComponents: []
  m_SourcePrefab: {fileID: 100100000, guid: c7a8d11c7fe8c5a4082bc1a802f2465f, type: 3}
--- !u!4 &962553848227200803 stripped
Transform:
  m_CorrespondingSourceObject: {fileID: 228694528155110847, guid: c7a8d11c7fe8c5a4082bc1a802f2465f,
    type: 3}
  m_PrefabInstance: {fileID: 1042532556752728732}
  m_PrefabAsset: {fileID: 0}
--- !u!1001 &1042532556903142690
PrefabInstance:
  m_ObjectHideFlags: 0
  serializedVersion: 2
  m_Modification:
    m_TransformParent: {fileID: 6798437604372720344}
    m_Modifications:
    - target: {fileID: 228694528155110849, guid: c7a8d11c7fe8c5a4082bc1a802f2465f,
        type: 3}
      propertyPath: m_Name
      value: ItemHolder (4)
      objectReference: {fileID: 0}
    - target: {fileID: 228694528155110847, guid: c7a8d11c7fe8c5a4082bc1a802f2465f,
        type: 3}
      propertyPath: m_LocalPosition.x
      value: 1.5
      objectReference: {fileID: 0}
    - target: {fileID: 228694528155110847, guid: c7a8d11c7fe8c5a4082bc1a802f2465f,
        type: 3}
      propertyPath: m_LocalPosition.y
      value: -3
      objectReference: {fileID: 0}
    - target: {fileID: 228694528155110847, guid: c7a8d11c7fe8c5a4082bc1a802f2465f,
        type: 3}
      propertyPath: m_LocalPosition.z
      value: 0
      objectReference: {fileID: 0}
    - target: {fileID: 228694528155110847, guid: c7a8d11c7fe8c5a4082bc1a802f2465f,
        type: 3}
      propertyPath: m_LocalRotation.x
      value: -0
      objectReference: {fileID: 0}
    - target: {fileID: 228694528155110847, guid: c7a8d11c7fe8c5a4082bc1a802f2465f,
        type: 3}
      propertyPath: m_LocalRotation.y
      value: -0
      objectReference: {fileID: 0}
    - target: {fileID: 228694528155110847, guid: c7a8d11c7fe8c5a4082bc1a802f2465f,
        type: 3}
      propertyPath: m_LocalRotation.z
      value: -0
      objectReference: {fileID: 0}
    - target: {fileID: 228694528155110847, guid: c7a8d11c7fe8c5a4082bc1a802f2465f,
        type: 3}
      propertyPath: m_LocalRotation.w
      value: 1
      objectReference: {fileID: 0}
    - target: {fileID: 228694528155110847, guid: c7a8d11c7fe8c5a4082bc1a802f2465f,
        type: 3}
      propertyPath: m_RootOrder
      value: 4
      objectReference: {fileID: 0}
    - target: {fileID: 228694528155110847, guid: c7a8d11c7fe8c5a4082bc1a802f2465f,
        type: 3}
      propertyPath: m_LocalEulerAnglesHint.x
      value: 0
      objectReference: {fileID: 0}
    - target: {fileID: 228694528155110847, guid: c7a8d11c7fe8c5a4082bc1a802f2465f,
        type: 3}
      propertyPath: m_LocalEulerAnglesHint.y
      value: 0
      objectReference: {fileID: 0}
    - target: {fileID: 228694528155110847, guid: c7a8d11c7fe8c5a4082bc1a802f2465f,
        type: 3}
      propertyPath: m_LocalEulerAnglesHint.z
      value: 0
      objectReference: {fileID: 0}
    - target: {fileID: 228694528155110847, guid: c7a8d11c7fe8c5a4082bc1a802f2465f,
        type: 3}
      propertyPath: m_LocalScale.y
      value: 0.49
      objectReference: {fileID: 0}
    - target: {fileID: 228694528155110848, guid: c7a8d11c7fe8c5a4082bc1a802f2465f,
        type: 3}
      propertyPath: m_Color.r
      value: 0.6320754
      objectReference: {fileID: 0}
    - target: {fileID: 228694528155110848, guid: c7a8d11c7fe8c5a4082bc1a802f2465f,
        type: 3}
      propertyPath: m_Color.g
      value: 0.6320754
      objectReference: {fileID: 0}
    - target: {fileID: 228694528155110848, guid: c7a8d11c7fe8c5a4082bc1a802f2465f,
        type: 3}
      propertyPath: m_Color.b
      value: 0.6320754
      objectReference: {fileID: 0}
    m_RemovedComponents: []
  m_SourcePrefab: {fileID: 100100000, guid: c7a8d11c7fe8c5a4082bc1a802f2465f, type: 3}
--- !u!4 &962553849963288733 stripped
Transform:
  m_CorrespondingSourceObject: {fileID: 228694528155110847, guid: c7a8d11c7fe8c5a4082bc1a802f2465f,
    type: 3}
  m_PrefabInstance: {fileID: 1042532556903142690}
  m_PrefabAsset: {fileID: 0}
--- !u!1001 &1042532557150990919
PrefabInstance:
  m_ObjectHideFlags: 0
  serializedVersion: 2
  m_Modification:
    m_TransformParent: {fileID: 6798437604372720344}
    m_Modifications:
    - target: {fileID: 228694528155110849, guid: c7a8d11c7fe8c5a4082bc1a802f2465f,
        type: 3}
      propertyPath: m_Name
      value: ItemHolder (3)
      objectReference: {fileID: 0}
    - target: {fileID: 228694528155110847, guid: c7a8d11c7fe8c5a4082bc1a802f2465f,
        type: 3}
      propertyPath: m_LocalPosition.x
      value: 2.65
      objectReference: {fileID: 0}
    - target: {fileID: 228694528155110847, guid: c7a8d11c7fe8c5a4082bc1a802f2465f,
        type: 3}
      propertyPath: m_LocalPosition.y
      value: -1.5
      objectReference: {fileID: 0}
    - target: {fileID: 228694528155110847, guid: c7a8d11c7fe8c5a4082bc1a802f2465f,
        type: 3}
      propertyPath: m_LocalPosition.z
      value: 0
      objectReference: {fileID: 0}
    - target: {fileID: 228694528155110847, guid: c7a8d11c7fe8c5a4082bc1a802f2465f,
        type: 3}
      propertyPath: m_LocalRotation.x
      value: -0
      objectReference: {fileID: 0}
    - target: {fileID: 228694528155110847, guid: c7a8d11c7fe8c5a4082bc1a802f2465f,
        type: 3}
      propertyPath: m_LocalRotation.y
      value: -0
      objectReference: {fileID: 0}
    - target: {fileID: 228694528155110847, guid: c7a8d11c7fe8c5a4082bc1a802f2465f,
        type: 3}
      propertyPath: m_LocalRotation.z
      value: -0
      objectReference: {fileID: 0}
    - target: {fileID: 228694528155110847, guid: c7a8d11c7fe8c5a4082bc1a802f2465f,
        type: 3}
      propertyPath: m_LocalRotation.w
      value: 1
      objectReference: {fileID: 0}
    - target: {fileID: 228694528155110847, guid: c7a8d11c7fe8c5a4082bc1a802f2465f,
        type: 3}
      propertyPath: m_RootOrder
      value: 3
      objectReference: {fileID: 0}
    - target: {fileID: 228694528155110847, guid: c7a8d11c7fe8c5a4082bc1a802f2465f,
        type: 3}
      propertyPath: m_LocalEulerAnglesHint.x
      value: 0
      objectReference: {fileID: 0}
    - target: {fileID: 228694528155110847, guid: c7a8d11c7fe8c5a4082bc1a802f2465f,
        type: 3}
      propertyPath: m_LocalEulerAnglesHint.y
      value: 0
      objectReference: {fileID: 0}
    - target: {fileID: 228694528155110847, guid: c7a8d11c7fe8c5a4082bc1a802f2465f,
        type: 3}
      propertyPath: m_LocalEulerAnglesHint.z
      value: 0
      objectReference: {fileID: 0}
    - target: {fileID: 228694528155110847, guid: c7a8d11c7fe8c5a4082bc1a802f2465f,
        type: 3}
      propertyPath: m_LocalScale.y
      value: 0.49
      objectReference: {fileID: 0}
    - target: {fileID: 228694528155110848, guid: c7a8d11c7fe8c5a4082bc1a802f2465f,
        type: 3}
      propertyPath: m_Color.r
      value: 0.6320754
      objectReference: {fileID: 0}
    - target: {fileID: 228694528155110848, guid: c7a8d11c7fe8c5a4082bc1a802f2465f,
        type: 3}
      propertyPath: m_Color.g
      value: 0.6320754
      objectReference: {fileID: 0}
    - target: {fileID: 228694528155110848, guid: c7a8d11c7fe8c5a4082bc1a802f2465f,
        type: 3}
      propertyPath: m_Color.b
      value: 0.6320754
      objectReference: {fileID: 0}
    m_RemovedComponents: []
  m_SourcePrefab: {fileID: 100100000, guid: c7a8d11c7fe8c5a4082bc1a802f2465f, type: 3}
--- !u!4 &962553850210910200 stripped
Transform:
  m_CorrespondingSourceObject: {fileID: 228694528155110847, guid: c7a8d11c7fe8c5a4082bc1a802f2465f,
    type: 3}
  m_PrefabInstance: {fileID: 1042532557150990919}
  m_PrefabAsset: {fileID: 0}
--- !u!1001 &1042532557390627703
PrefabInstance:
  m_ObjectHideFlags: 0
  serializedVersion: 2
  m_Modification:
    m_TransformParent: {fileID: 6798437604372720344}
    m_Modifications:
    - target: {fileID: 228694528155110849, guid: c7a8d11c7fe8c5a4082bc1a802f2465f,
        type: 3}
      propertyPath: m_Name
      value: ItemHolder (1)
      objectReference: {fileID: 0}
    - target: {fileID: 228694528155110847, guid: c7a8d11c7fe8c5a4082bc1a802f2465f,
        type: 3}
      propertyPath: m_LocalPosition.x
      value: -1.5
      objectReference: {fileID: 0}
    - target: {fileID: 228694528155110847, guid: c7a8d11c7fe8c5a4082bc1a802f2465f,
        type: 3}
      propertyPath: m_LocalPosition.y
      value: -3
      objectReference: {fileID: 0}
    - target: {fileID: 228694528155110847, guid: c7a8d11c7fe8c5a4082bc1a802f2465f,
        type: 3}
      propertyPath: m_LocalPosition.z
      value: 0
      objectReference: {fileID: 0}
    - target: {fileID: 228694528155110847, guid: c7a8d11c7fe8c5a4082bc1a802f2465f,
        type: 3}
      propertyPath: m_LocalRotation.x
      value: -0
      objectReference: {fileID: 0}
    - target: {fileID: 228694528155110847, guid: c7a8d11c7fe8c5a4082bc1a802f2465f,
        type: 3}
      propertyPath: m_LocalRotation.y
      value: -0
      objectReference: {fileID: 0}
    - target: {fileID: 228694528155110847, guid: c7a8d11c7fe8c5a4082bc1a802f2465f,
        type: 3}
      propertyPath: m_LocalRotation.z
      value: -0
      objectReference: {fileID: 0}
    - target: {fileID: 228694528155110847, guid: c7a8d11c7fe8c5a4082bc1a802f2465f,
        type: 3}
      propertyPath: m_LocalRotation.w
      value: 1
      objectReference: {fileID: 0}
    - target: {fileID: 228694528155110847, guid: c7a8d11c7fe8c5a4082bc1a802f2465f,
        type: 3}
      propertyPath: m_RootOrder
      value: 1
      objectReference: {fileID: 0}
    - target: {fileID: 228694528155110847, guid: c7a8d11c7fe8c5a4082bc1a802f2465f,
        type: 3}
      propertyPath: m_LocalEulerAnglesHint.x
      value: 0
      objectReference: {fileID: 0}
    - target: {fileID: 228694528155110847, guid: c7a8d11c7fe8c5a4082bc1a802f2465f,
        type: 3}
      propertyPath: m_LocalEulerAnglesHint.y
      value: 0
      objectReference: {fileID: 0}
    - target: {fileID: 228694528155110847, guid: c7a8d11c7fe8c5a4082bc1a802f2465f,
        type: 3}
      propertyPath: m_LocalEulerAnglesHint.z
      value: 0
      objectReference: {fileID: 0}
    - target: {fileID: 228694528155110847, guid: c7a8d11c7fe8c5a4082bc1a802f2465f,
        type: 3}
      propertyPath: m_LocalScale.y
      value: 0.49
      objectReference: {fileID: 0}
    - target: {fileID: 228694528155110848, guid: c7a8d11c7fe8c5a4082bc1a802f2465f,
        type: 3}
      propertyPath: m_Color.r
      value: 0.6320754
      objectReference: {fileID: 0}
    - target: {fileID: 228694528155110848, guid: c7a8d11c7fe8c5a4082bc1a802f2465f,
        type: 3}
      propertyPath: m_Color.g
      value: 0.6320754
      objectReference: {fileID: 0}
    - target: {fileID: 228694528155110848, guid: c7a8d11c7fe8c5a4082bc1a802f2465f,
        type: 3}
      propertyPath: m_Color.b
      value: 0.6320754
      objectReference: {fileID: 0}
    m_RemovedComponents: []
  m_SourcePrefab: {fileID: 100100000, guid: c7a8d11c7fe8c5a4082bc1a802f2465f, type: 3}
--- !u!4 &962553849939136200 stripped
Transform:
  m_CorrespondingSourceObject: {fileID: 228694528155110847, guid: c7a8d11c7fe8c5a4082bc1a802f2465f,
    type: 3}
  m_PrefabInstance: {fileID: 1042532557390627703}
  m_PrefabAsset: {fileID: 0}
--- !u!1001 &1042532557493602542
PrefabInstance:
  m_ObjectHideFlags: 0
  serializedVersion: 2
  m_Modification:
    m_TransformParent: {fileID: 6798437604372720344}
    m_Modifications:
    - target: {fileID: 228694528155110849, guid: c7a8d11c7fe8c5a4082bc1a802f2465f,
        type: 3}
      propertyPath: m_Name
      value: ItemHolder (2)
      objectReference: {fileID: 0}
    - target: {fileID: 228694528155110847, guid: c7a8d11c7fe8c5a4082bc1a802f2465f,
        type: 3}
      propertyPath: m_LocalPosition.x
      value: -2.65
      objectReference: {fileID: 0}
    - target: {fileID: 228694528155110847, guid: c7a8d11c7fe8c5a4082bc1a802f2465f,
        type: 3}
      propertyPath: m_LocalPosition.y
      value: -1.5
      objectReference: {fileID: 0}
    - target: {fileID: 228694528155110847, guid: c7a8d11c7fe8c5a4082bc1a802f2465f,
        type: 3}
      propertyPath: m_LocalPosition.z
      value: 0
      objectReference: {fileID: 0}
    - target: {fileID: 228694528155110847, guid: c7a8d11c7fe8c5a4082bc1a802f2465f,
        type: 3}
      propertyPath: m_LocalRotation.x
      value: -0
      objectReference: {fileID: 0}
    - target: {fileID: 228694528155110847, guid: c7a8d11c7fe8c5a4082bc1a802f2465f,
        type: 3}
      propertyPath: m_LocalRotation.y
      value: -0
      objectReference: {fileID: 0}
    - target: {fileID: 228694528155110847, guid: c7a8d11c7fe8c5a4082bc1a802f2465f,
        type: 3}
      propertyPath: m_LocalRotation.z
      value: -0
      objectReference: {fileID: 0}
    - target: {fileID: 228694528155110847, guid: c7a8d11c7fe8c5a4082bc1a802f2465f,
        type: 3}
      propertyPath: m_LocalRotation.w
      value: 1
      objectReference: {fileID: 0}
    - target: {fileID: 228694528155110847, guid: c7a8d11c7fe8c5a4082bc1a802f2465f,
        type: 3}
      propertyPath: m_RootOrder
      value: 2
      objectReference: {fileID: 0}
    - target: {fileID: 228694528155110847, guid: c7a8d11c7fe8c5a4082bc1a802f2465f,
        type: 3}
      propertyPath: m_LocalEulerAnglesHint.x
      value: 0
      objectReference: {fileID: 0}
    - target: {fileID: 228694528155110847, guid: c7a8d11c7fe8c5a4082bc1a802f2465f,
        type: 3}
      propertyPath: m_LocalEulerAnglesHint.y
      value: 0
      objectReference: {fileID: 0}
    - target: {fileID: 228694528155110847, guid: c7a8d11c7fe8c5a4082bc1a802f2465f,
        type: 3}
      propertyPath: m_LocalEulerAnglesHint.z
      value: 0
      objectReference: {fileID: 0}
    - target: {fileID: 228694528155110847, guid: c7a8d11c7fe8c5a4082bc1a802f2465f,
        type: 3}
      propertyPath: m_LocalScale.y
      value: 0.49
      objectReference: {fileID: 0}
    - target: {fileID: 228694528155110848, guid: c7a8d11c7fe8c5a4082bc1a802f2465f,
        type: 3}
      propertyPath: m_Color.r
      value: 0.6320754
      objectReference: {fileID: 0}
    - target: {fileID: 228694528155110848, guid: c7a8d11c7fe8c5a4082bc1a802f2465f,
        type: 3}
      propertyPath: m_Color.g
      value: 0.6320754
      objectReference: {fileID: 0}
    - target: {fileID: 228694528155110848, guid: c7a8d11c7fe8c5a4082bc1a802f2465f,
        type: 3}
      propertyPath: m_Color.b
      value: 0.6320754
      objectReference: {fileID: 0}
    m_RemovedComponents: []
  m_SourcePrefab: {fileID: 100100000, guid: c7a8d11c7fe8c5a4082bc1a802f2465f, type: 3}
--- !u!4 &962553849504941393 stripped
Transform:
  m_CorrespondingSourceObject: {fileID: 228694528155110847, guid: c7a8d11c7fe8c5a4082bc1a802f2465f,
    type: 3}
  m_PrefabInstance: {fileID: 1042532557493602542}
  m_PrefabAsset: {fileID: 0}
--- !u!1001 &5874330243378032321
PrefabInstance:
  m_ObjectHideFlags: 0
  serializedVersion: 2
  m_Modification:
    m_TransformParent: {fileID: 6798437604372720344}
    m_Modifications:
    - target: {fileID: 6913590497556858808, guid: 1c152658aad6bb54fa2974c266cda28b,
        type: 3}
      propertyPath: m_Name
      value: Home
      objectReference: {fileID: 0}
    - target: {fileID: 6913590497556858810, guid: 1c152658aad6bb54fa2974c266cda28b,
        type: 3}
      propertyPath: m_LocalPosition.x
      value: 0
      objectReference: {fileID: 0}
    - target: {fileID: 6913590497556858810, guid: 1c152658aad6bb54fa2974c266cda28b,
        type: 3}
      propertyPath: m_LocalPosition.y
      value: 0
      objectReference: {fileID: 0}
    - target: {fileID: 6913590497556858810, guid: 1c152658aad6bb54fa2974c266cda28b,
        type: 3}
      propertyPath: m_LocalPosition.z
      value: 0
      objectReference: {fileID: 0}
    - target: {fileID: 6913590497556858810, guid: 1c152658aad6bb54fa2974c266cda28b,
        type: 3}
      propertyPath: m_LocalRotation.x
      value: -0
      objectReference: {fileID: 0}
    - target: {fileID: 6913590497556858810, guid: 1c152658aad6bb54fa2974c266cda28b,
        type: 3}
      propertyPath: m_LocalRotation.y
      value: -0
      objectReference: {fileID: 0}
    - target: {fileID: 6913590497556858810, guid: 1c152658aad6bb54fa2974c266cda28b,
        type: 3}
      propertyPath: m_LocalRotation.z
      value: -0
      objectReference: {fileID: 0}
    - target: {fileID: 6913590497556858810, guid: 1c152658aad6bb54fa2974c266cda28b,
        type: 3}
      propertyPath: m_LocalRotation.w
      value: 1
      objectReference: {fileID: 0}
    - target: {fileID: 6913590497556858810, guid: 1c152658aad6bb54fa2974c266cda28b,
        type: 3}
      propertyPath: m_RootOrder
      value: 6
      objectReference: {fileID: 0}
    - target: {fileID: 6913590497556858810, guid: 1c152658aad6bb54fa2974c266cda28b,
        type: 3}
      propertyPath: m_LocalEulerAnglesHint.x
      value: 0
      objectReference: {fileID: 0}
    - target: {fileID: 6913590497556858810, guid: 1c152658aad6bb54fa2974c266cda28b,
        type: 3}
      propertyPath: m_LocalEulerAnglesHint.y
      value: 0
      objectReference: {fileID: 0}
    - target: {fileID: 6913590497556858810, guid: 1c152658aad6bb54fa2974c266cda28b,
        type: 3}
      propertyPath: m_LocalEulerAnglesHint.z
      value: 0
      objectReference: {fileID: 0}
    - target: {fileID: 726143636, guid: 1c152658aad6bb54fa2974c266cda28b, type: 3}
      propertyPath: FireRetriveFX
      value: 
      objectReference: {fileID: 7433368698398662738, guid: eaeb7eeb5dcafa5469ea009a12c09884,
        type: 3}
    m_RemovedComponents: []
  m_SourcePrefab: {fileID: 100100000, guid: 1c152658aad6bb54fa2974c266cda28b, type: 3}
--- !u!4 &1042532556224145787 stripped
Transform:
  m_CorrespondingSourceObject: {fileID: 6913590497556858810, guid: 1c152658aad6bb54fa2974c266cda28b,
    type: 3}
  m_PrefabInstance: {fileID: 5874330243378032321}
  m_PrefabAsset: {fileID: 0}
